<?xml version="1.0"?>
<marc:collection xmlns:marc="http://www.loc.gov/MARC21/slim" xmlns:xsi="http://www.w3.org/2001/XMLSchema-instance" xsi:schemaLocation="http://www.loc.gov/MARC21/slim http://www.loc.gov/standards/marcxml/schema/MARC21slim.xsd">
   <marc:record type="Bibliographic">
      <marc:leader>01382cam a22003495  4500</marc:leader>
      <marc:controlfield tag="001">2753059</marc:controlfield>
      <marc:controlfield tag="003">NjP</marc:controlfield>
      <marc:controlfield tag="005">20100809214709.0</marc:controlfield>
      <marc:controlfield tag="008">880224s1968    iq       b    000 0 arard</marc:controlfield>
      <marc:datafield tag="024" ind1="7" ind2=" ">
         <marc:subfield code="a">princeton_aco000151</marc:subfield>
         <marc:subfield code="2">local</marc:subfield>
      </marc:datafield>
      <marc:datafield tag="035" ind1=" " ind2=" ">
         <marc:subfield code="a">(OCoLC)ocn178193684</marc:subfield>
      </marc:datafield>
      <marc:datafield tag="035" ind1=" " ind2=" ">
         <marc:subfield code="a">(OCoLC)ocm17532347</marc:subfield>
      </marc:datafield>
      <marc:datafield tag="035" ind1=" " ind2=" ">
         <marc:subfield code="a">(OCoLC)178193684</marc:subfield>
      </marc:datafield>
      <marc:datafield tag="035" ind1=" " ind2=" ">
         <marc:subfield code="9">CNE5848TS</marc:subfield>
      </marc:datafield>
      <marc:datafield tag="035" ind1=" " ind2=" ">
         <marc:subfield code="a">(NjP)2753059</marc:subfield>
      </marc:datafield>
      <marc:datafield tag="040" ind1=" " ind2=" ">
         <marc:subfield code="a">WAU</marc:subfield>
         <marc:subfield code="c">PUL</marc:subfield>
         <marc:subfield code="d">PUL</marc:subfield>
      </marc:datafield>
      <marc:datafield tag="049" ind1=" " ind2=" ">
         <marc:subfield code="a">PULL</marc:subfield>
      </marc:datafield>
      <marc:datafield tag="079" ind1=" " ind2=" ">
         <marc:subfield code="a">ocm17532347</marc:subfield>
      </marc:datafield>
      <marc:datafield tag="100" ind1="1" ind2=" ">
         <marc:subfield code="6">880-01</marc:subfield>
         <marc:subfield code="a">H&#x323;ami&#x304;dah, &#x2BB;Abd al-H&#x323;asi&#x304;b T&#x323;a&#x304;ha&#x304;.</marc:subfield>
      </marc:datafield>
      <marc:datafield tag="245" ind1="1" ind2="0">
         <marc:subfield code="6">880-02</marc:subfield>
         <marc:subfield code="a">Adab al-Shi&#x304;&#x2BB;ah ila&#x301; niha&#x304;yat al-qarn al-tha&#x304;ni&#x304; al-Hijri,</marc:subfield>
         <marc:subfield code="c">bi-qalam &#x2BB;Abd al-H&#x323;asi&#x304;b T&#x323;a&#x304;ha&#x304; H&#x323;ami&#x304;dah.</marc:subfield>
      </marc:datafield>
      <marc:datafield tag="250" ind1=" " ind2=" ">
         <marc:subfield code="6">880-03</marc:subfield>
         <marc:subfield code="a">[al-T&#x323;ab&#x2BB;ah 2].</marc:subfield>
      </marc:datafield>
      <marc:datafield tag="260" ind1=" " ind2=" ">
         <marc:subfield code="6">880-04</marc:subfield>
         <marc:subfield code="a">[Baghda&#x304;d,</marc:subfield>
         <marc:subfield code="b">Maktabat al-Muthanna&#x301;,</marc:subfield>
         <marc:subfield code="c">1968]</marc:subfield>
      </marc:datafield>
      <marc:datafield tag="300" ind1=" " ind2=" ">
         <marc:subfield code="a">384 p.</marc:subfield>
      </marc:datafield>
      <marc:datafield tag="500" ind1=" " ind2=" ">
         <marc:subfield code="a">Cover title: Adab e&#x2BC;Chiaa ela nihayet el karn el thani el Hegri, by Abdel Hassib Taha Homad.</marc:subfield>
      </marc:datafield>
      <marc:datafield tag="504" ind1=" " ind2=" ">
         <marc:subfield code="a">Bibliography: p. [376]-381.</marc:subfield>
      </marc:datafield>
      <marc:datafield tag="650" ind1=" " ind2="0">
         <marc:subfield code="a">Shiite literature.</marc:subfield>
      </marc:datafield>
      <marc:datafield tag="880" ind1="1" ind2=" ">
         <marc:subfield code="6">100-01/r</marc:subfield>
         <marc:subfield code="a">&#x62D;&#x645;&#x64A;&#x62F;&#x629;&#x60C; &#x639;&#x628;&#x62F; &#x627;&#x644;&#x62D;&#x633;&#x64A;&#x628; &#x637;&#x647;.</marc:subfield>
      </marc:datafield>
      <marc:datafield tag="880" ind1="1" ind2="0">
         <marc:subfield code="6">245-02/r</marc:subfield>
         <marc:subfield code="a">&#x627;&#x62F;&#x628; &#x627;&#x644;&#x634;&#x64A;&#x639;&#x629; &#x627;&#x644;&#x649; &#x646;&#x647;&#x627;&#x64A;&#x629; &#x627;&#x644;&#x642;&#x631;&#x646; &#x627;&#x644;&#x62B;&#x627;&#x646;&#x64A; &#x627;&#x644;&#x647;&#x62C;&#x631;&#x60C;</marc:subfield>
         <marc:subfield code="c">&#x628;&#x642;&#x644;&#x645; &#x639;&#x628;&#x62F; &#x627;&#x644;&#x62D;&#x633;&#x64A;&#x628; &#x637;&#x647; &#x62D;&#x645;&#x64A;&#x62F;&#x629;.</marc:subfield>
      </marc:datafield>
      <marc:datafield tag="880" ind1=" " ind2=" ">
         <marc:subfield code="6">250-03/r</marc:subfield>
         <marc:subfield code="a">[&#x627;&#x644;&#x637;&#x628;&#x639;&#x629; 2].</marc:subfield>
      </marc:datafield>
      <marc:datafield tag="880" ind1=" " ind2=" ">
         <marc:subfield code="6">260-04/r</marc:subfield>
         <marc:subfield code="a">[&#x628;&#x63A;&#x62F;&#x627;&#x62F;&#x60C;</marc:subfield>
         <marc:subfield code="b">&#x645;&#x643;&#x62A;&#x628;&#x629; &#x627;&#x644;&#x645;&#x62B;&#x646;&#x649;&#x60C;</marc:subfield>
         <marc:subfield code="c">1968]</marc:subfield>
      </marc:datafield>
      <marc:datafield tag="852" ind1="0" ind2=" ">
         <marc:subfield code="b">nec</marc:subfield>
         <marc:subfield code="h">PJ7510</marc:subfield>
         <marc:subfield code="i">.H365 1968</marc:subfield>
         <marc:subfield code="p">3063793</marc:subfield>
         <marc:subfield code="x">reclassed from: 2258.425.1968</marc:subfield>
      </marc:datafield>
      <marc:datafield tag="911" ind1=" " ind2=" ">
         <marc:subfield code="a">20000130</marc:subfield>
      </marc:datafield>
      <marc:datafield tag="994" ind1=" " ind2=" ">
         <marc:subfield code="a">C0</marc:subfield>
         <marc:subfield code="b">PUL</marc:subfield>
      </marc:datafield>
      <marc:datafield tag="999" ind1=" " ind2=" ">
         <marc:subfield code="a">2753059</marc:subfield>
      </marc:datafield>
   </marc:record>
</marc:collection>
